<?xml version='1.0' encoding='utf-8'?>
<record xmlns="http://www.loc.gov/MARC21/slim" xmlns:xsi="http://www.w3.org/2001/XMLSchema-instance">
  <leader>00000ngm^a2200325^^^4500</leader>
  <controlfield tag="001">003568068</controlfield>
  <controlfield tag="005">20071002121425.0</controlfield>
  <controlfield tag="006">g120^^^^^^^^^^^^vl</controlfield>
  <controlfield tag="007">vf^cbaho-</controlfield>
  <controlfield tag="008">011031s2001^^^^mau120^^^^^^^^^^^^vueng^d</controlfield>
  <datafield tag="035" ind1=" " ind2=" ">
    <subfield code="a">(OCoLC)ocm48005391</subfield>
  </datafield>
  <datafield tag="040" ind1=" " ind2=" ">
    <subfield code="a">SCL</subfield>
    <subfield code="c">SCL</subfield>
    <subfield code="d">BEU</subfield>
  </datafield>
  <datafield tag="042" ind1=" " ind2=" ">
    <subfield code="a">dc</subfield>
  </datafield>
  <datafield tag="111" ind1="2" ind2=" ">
    <subfield code="a">GSLIS Alumni Day</subfield>
    <subfield code="d">(2001 :</subfield>
    <subfield code="c">Boston, Mass.)</subfield>
  </datafield>
  <datafield tag="245" ind1="1" ind2="4">
    <subfield code="a">The great paper debate</subfield>
    <subfield code="h">[videorecording] :</subfield>
    <subfield code="b">Simmons College GSLIS Alumni Day, May 16, 2001.</subfield>
  </datafield>
  <datafield tag="246" ind1="1" ind2=" ">
    <subfield code="i">Title on cassette:</subfield>
    <subfield code="a">Great paper debate :</subfield>
    <subfield code="b">original formats in a virtual world.</subfield>
  </datafield>
  <datafield tag="260" ind1=" " ind2=" ">
    <subfield code="a">Boston, Mass. :</subfield>
    <subfield code="b">Simmons College,</subfield>
    <subfield code="c">2001.</subfield>
  </datafield>
  <datafield tag="300" ind1=" " ind2=" ">
    <subfield code="a">1 videocassette (120 min.) :</subfield>
    <subfield code="b">ill. ;</subfield>
    <subfield code="c">1/2 in.</subfield>
  </datafield>
  <datafield tag="520" ind1=" " ind2=" ">
    <subfield code="a">Recording of the GSLIS Alumni Day debate between Nicholson Baker and Richard Cox over the recently published monograph Double fold, where Mr. Baker puts forth the thesis that libraries need to revise their policies for preserving newspapers and journals.</subfield>
  </datafield>
  <datafield tag="650" ind1=" " ind2="0">
    <subfield code="a">Libraries</subfield>
    <subfield code="z">United States</subfield>
    <subfield code="x">Special collections</subfield>
    <subfield code="x">Newspapers.</subfield>
  </datafield>
  <datafield tag="650" ind1=" " ind2="0">
    <subfield code="a">Newspaper and periodical libraries</subfield>
    <subfield code="z">United States.</subfield>
  </datafield>
  <datafield tag="650" ind1=" " ind2="0">
    <subfield code="a">Newspapers</subfield>
    <subfield code="x">Conservation and restoration.</subfield>
  </datafield>
  <datafield tag="650" ind1=" " ind2="0">
    <subfield code="a">Paper</subfield>
    <subfield code="x">Preservation</subfield>
    <subfield code="z">United States.</subfield>
  </datafield>
  <datafield tag="710" ind1="2" ind2=" ">
    <subfield code="a">Simmons College (Boston, Mass.).</subfield>
    <subfield code="b">Graduate School of Library and Information Science.</subfield>
  </datafield>
  <datafield tag="700" ind1="1" ind2=" ">
    <subfield code="a">Baker, Nicholson.</subfield>
  </datafield>
  <datafield tag="700" ind1="1" ind2=" ">
    <subfield code="a">Cox, Richard J.</subfield>
  </datafield>
  <datafield tag="852" ind1="8" ind2=" ">
    <subfield code="a">MiU-H</subfield>
    <subfield code="b">BENT</subfield>
    <subfield code="h">0177 Aa 2</subfield>
  </datafield>
  <datafield tag="998" ind1=" " ind2=" ">
    <subfield code="c">LAC</subfield>
  </datafield>
  <datafield tag="955" ind1=" " ind2=" ">
    <subfield code="b">BENT</subfield>
    <subfield code="p">B1437458</subfield>
  </datafield>
</record>
